@book{coursebook,

author={Angel,Edward},

year={2008},

title={Interactive computer graphics: a top-down approach using OpenGL},

publisher={Pearson Education},

address={Boston, Mass},

edition={5th Int.},

keywords={Databehandling; Datorgrafik; Interactive computer systems; SÃ¤rskilda program och system; Produktion av bilder (datorgrafik); Computer graphics},

isbn={0321549430;9780321549433;},

}
